@misc{impatient,
      title = {TEX for the Impatient},
      author = {Paul W. Abrahams and Kathryn A. Hargreaves and Karl Berry},
      organization = {CTAN},
      date = {2020-01-03}
}
@manual{amssymb,
      title = {The amssymb package},
      editor = {{American Mathematical Society}},
      version = {3.01},
      date = {2013-01-14},
}
@manual{amsmathg,
      title = {User's Guide for the amsmath Package},
      editor = {{American Mathematical Society}},
      version = {2.1},
      organization = {LaTeX3 Project Team},
      date = {2019-10-14},
}
@manual{abntex2,
      title = {A classe abntex2},
      subtitle = {Documentos técnicos e científicos brasileiros compatíveis com as normas ABNT},
      author = {Lauro César Araujo},
      version = {1.9.7},
      organization = {abnTeX2},
      date = {2018-11-24},
}
@manual{wrapfig,
      title = {The wrapfig package},
      author = {Donald Arseneau},
      version = {3.6},
      organization = {CTAN},
      date = {2003-01-31},
}
@misc{unofficial,
      title = {LaTeX2e: An unofficial reference manual},
      author = {Karl Berry},
      month = {3},
      year = {2020},
}
@misc{texlive,
      title = {The TEX Live Guide - 2020},
      author = {Karl Berry},
      organization = {TUG},
      month = {3},
      year = {2020},
}
@manual{babel,
      title = {Babel Localization and internationalization},
      author = {Johannes L. Braams and Javier Bezos},
      version = {3.46},
      organization = {CTAN},
      date = {2020-07-07},
}
@manual{makeidx,
      title = {Standard LaTeX2e packages makeidx and showidx},
      author = {Johannes Braams and David Carlisle and Alan Jeffrey and Leslie Lamport and Frank Mittelbach and Chris Rowley and Rainer Schöpf},
      organization = {LaTeX Project Team},
      date = {2014-09-29},
}
@manual{sources,
      title = {The LaTeX2e Sources},
      author = {Johannes Braams and David Carlisle and Alan Jeffrey and Leslie Lamport and Frank Mittelbach and Chris Rowley and Rainer Schöpf},
      version = {5},
      organization = {LaTeX Project Team},
      date = {2020-02-02},
}
@manual{utf8,
      title = {Providing some UTF-8 support via inputenc},
      author = {David Carlisle and Frank Mittelbach and Chris Rowley},
      version = {1.2k},
      organization = {LaTeX Project Team},
      date = {2020-02-28},
}
@manual{color,
      title = {The color package},
      author = {David Carlisle},
      version = {1.2a},
      organization = {LaTeX Project Team},
      date = {2019-11-23},
}
@manual{colortbl,
      title = {The colortbl package},
      author = {David Carlisle},
      version = {1.0e},
      organization = {CTAN},
      date = {2020-01-04},
}
@manual{tabularx,
      title = {The tabularx package},
      author = {David Carlisle},
      version = {2.11c},
      organization = {LaTeX Project Team},
      date = {2020-01-15},
}
@manual{tikz,
      title = {Visual TikZ},
      author = {Jean Pierre Casteleyn},
      version = {0.66},
      organization = {IUT Génie Thermique et Énergie},
      date = {2018-05-31},
}
@manual{moresize,
      title = {moresize: More font sizes with LaTeX},
      author = {Christian Cornelssen},
      version = {1.9},
      organization = {Freie Universität Berlin},
      date = {1999-07-26},
}
@manual{fontawesome,
      title = {The fontawesome package},
      subtitle = {High quality web icons},
      author = {Xavier Danaux and Dave Gandy},
      version = {4.6.3.2},
      date = {2016-05-22},
}
@misc{gentle,
        title = {A Gentle Introduction to TEX},
        subtitle = {A Manual for Self-study},
        author = {Michael Doob},
        publisher = {Department of Mathematics},
        organization = {The University of Manitoba},
        date = {1993-11-30},
}
@manual{amsbook,
      title = {The amsart, amsproc, and amsbook document classes},
      author = {Michael Downes and Barbara Beeton},
      version = {2.20.6},
      organization = {American Mathematical Society},
      date = {2020-05-29},
}
@manual{tabbing,
      title = {The Tabbing package},
      author = {Jean-Pierre F. Drucbert},
      organization = {ONERA/Centre de Toulouse SRI},
      date = {1999-08-03},
}
@misc{topic,
      title = {TeX by Topic},
      subtitle = {A TeXnician's Reference},
      author = {Victor Eijkhout},
      version = {1.5},
      year = {2019},
}
@misc{science,
      title = {The Computer Science of TeX and LaTeX},
      subtitle = {based on CS 594, fall 2004, University of Tennessee},
      author = {Victor Eijkhout},
      organization = {The University of Texas},
      year = {2012},
}
@manual{footmisc,
      title = {footmisc - a portmanteau package for customising footnotes in LaTeX},
      author = {Robin Fairbairns},
      version = {5.5b},
      organization = {CTAN},
      date = {2011-06-06},
}
@manual{pgfplots,
      title = {Manual for Package pgfplots 2D/3D Plots in LaTeX},
      author = {Christian Feuersänger},
      version = {1.17},
      organization = {CTAN},
      date = {2020-02-29},
}
@manual{pgfplotstable,
      title = {Manual for Package PgfplotsTable},
      author = {Christian Feuersänger},
      version = {1.17},
      organization = {CTAN},
      date = {2020-02-29},
}
@manual{formatting,
      title = {Formatting information},
      subtitle = {An introduction to typesetting with LaTeX},
      author = {Peter Flynn},
      version = {7.81},
      date = {2018-11-19},
      publisher = {Silmaril}
}
@manual{soul,
      title = {The soul package},
      author = {Melchior Franz},
      version = {2.19},
      organization = {CTAN},
      date = {2003-11-17},
}
@manual{word,
      title = {LaTeX for Word Processor Users},
      author = {Guido Gonzato},
      version = {1.0.10},
      organization = {CTAN},
      date = {2015-01-08},
}
@manual{colophon,
      title = {The colophon Package},
      author = {Donald P. {Goodman III}},
      version = {1.1},
      organization = {CTAN},
      date = {2018-06-03},
}
@book{math,
      title = {Math into LaTeX},
      subtitle = {An Introduction to LaTeX and AMS-LaTeX},
      author = {George A. Grätzer},
      year = {1996},
      publisher = {Birkhäuser},
      location = {Boston},
}
@misc{simplified,
        title = {A Simplified Introduction to LaTeX},
        author = {Harvey J. Greenberg},
        publisher = {University of Colorado},
        organization = {Mathematics Department},
        date = {2010-11-29},
}
@manual{imakeidx,
      title = {The package imakeidx},
      author = {Enrico Gregorio},
      version = {1.3e},
      organization = {Università degli Studi di Verona},
      date = {2016-10-15},
}
@manual{lipsum,
      title = {lipsum Access to 150 paragraphs of Lorem Ipsum dummy text},
      author = {Patrick Happel},
      version = {2.2},
      organization = {CTAN},
      date = {2019-01-03},
}
@manual{arev,
      title = {Arev Sans for TeX and LaTeX},
      author = {Stephen G. Hartke},
      organization = {CTAN},
      date = {2006-05-30},
}
@manual{ellipsis,
      title = {The ellipsis package},
      author = {Peter J. Heslin},
      version = {1.8},
      organization = {CTAN},
      date = {2020-06-04},
}
@manual{listings,
      title = {The Listings Package},
      author = {Jobst Hoffmann},
      version = {1.8d},
      organization = {CTAN},
      date = {2020-03-24},
}
@manual{stix,
      title = {The stix package},
      author = {Khaled Hosny},
      version = {1.1.3},
      organization = {STI Pub Companies},
      date = {2018-04-17},
}
@manual{gyre,
      title = {TeX Gyre Bonum},
      subtitle = {The technical documentation of the font},
      author = {Bogusław Jackowski and Janusz Marian Nowacki},
      version = {2.004},
      organization = {TEX Gyre Project},
      date = {2009-10-30},
}
@manual{fontinst,
      title = {fontinst Font installation software for TeX},
      author = {Alan Jeffrey and Rowland McDonnell and Lars Hellström},
      version = {1.9},
      organization = {TUG},
      month = {8},
      year = {2009},
}
@manual{inputenc,
      title = {inputenc.sty},
      author = {Alan Jeffrey and Frank Mittelbach},
      version = {1.3c},
      organization = {LaTeX Project Team},
      date = {2018-08-11},
}
@manual{amsfonts,
      title = {The amsfonts package},
      author = {David M. Jones},
      version = {3.01},
      organization = {CTAN},
      date = {2013-01-14},
}
@manual{chroma,
      title = {Chroma: a reference book of LaTeX colors},
      author = {Uwe Kern},
      version = {1.00},
      date = {2004-04-04},
}
@manual{xcolor,
      title = {Extending LaTeX's color facilities: the xcolor package},
      author = {Uwe Kern},
      version = {2.12},
      organization = {CTAN},
      date = {2016-05-11},
}
@manual{biber,
      title = {biber},
      subtitle = {A backend bibliography processor for biblatex},
      author = {Philip Kime and François Charette},
      version = {2.14},
      organization = {CTAN},
      date = {2019-12-01},
}
@manual{biblatex,
      title = {The biblatex Package Programmable Bibliographies and Citations},
      author = {Philip Kime and Moritz Wemheuer and Philipp Lehman},
      version = {3.14},
      organization = {CTAN},
      date = {2019-12-01},
}
@manual{tex82,
        title = {TeX82},
        author = {Donald Ervin Knuth},
        year = {1982},
}
@manual{texbook,
      title = {The TeXbook},
      author = {Donald Ervin Knuth},
      year = {1986},
      publisher = {Addison-Wesley}
}
@manual{koma,
      title = {KOMA-Script, a versatile LaTeX2e bundle},
      subtitle = {The Guide},
      author = {Markus Kohm},
      organization = {CTAN},
      date = {2020-03-12},
}
@manual{macro,
      title = {LaTeX2e The macro package for TeX},
      author = {Leslie Lamport and others},
      version = {1.6},
      month = {12},
      year = {1994},
}
@book{system,
      title = {LaTeX: A Document Preparation System},
      author = {Leslie Lamport},
      edition = {2},
      year = {1994},
      publisher = {Addison-Wesley}
}
@manual{makeindex,
      title = {MakeIndex: An Index Processor For LaTeX},
      author = {Leslie Lamport},
      organization = {CTAN},
      date = {1987-02-17},
}
@misc{changes,
      title = {Changes to the LaTeX2e format},
      editor = {{LaTeX3 Project Team}},
      date = {2020-02-02},
}
@manual{fontselection,
      title = {LaTeX2e font selection},
      editor = {{LaTeX3 Project Team}},
      organization = {CTAN},
      month = {10},
      year = {2019},
}
@misc{authors,
      title = {LaTeX2e for authors},
      editor = {{LaTeX3 Project Team}},
      version = {},
      organization = {The LaTeX3 Project},
      date = {2019-01-27},
}
@periodical{news,
            title = {LaTeX News},
            editor = {{LaTeX3 Project Team}},
            issue = {1–31},
            month = {2},
            year = {2020},
}
@manual{fontinstallation,
      title = {The Font Installation Guide},
      subtitle = {Using Postscript fonts to their full potential with Latex},
      author = {Philipp Lehman},
      version = {2.14},
      month = {12},
      year = {2004},
}
@manual{blindtext,
      title = {Blindtext.sty: Creating Dummy Text},
      author = {Knut Lickert},
      version = {2.0},
      organization = {CTAN},
      date = {2012-01-06},
}
@manual{abnt,
      title = {biblatex-abnt},
      author = {Daniel Ballester Marques},
      version = {3.4},
      organization = {CTAN},
      date = {2018-11-17},
}
@misc{viaexemplos,
      title = {LaTeX2e Via Exemplos},
      author = {Sadao Massago},
      version = {0.5.6},
      organization = {DFQM-UFSCar},
      date = {2019-12-26},
}
@manual{sectsty,
      title = {The sectsty package},
      author = {Rowland McDonnell},
      version = {2.0.2},
      organization = {CTAN},
      date = {2002-02-25},
}
@manual{textgreek,
      title = {The textgreek package},
      author = {Leonard Michlmayr},
      version = {0.7},
      organization = {CTAN},
      date = {2011-10-09},
}
@manual{multicolumn,
      title = {An environment for multicolumn output},
      author = {Frank Mittelbach},
      version = {1.8w},
      organization = {LaTeX Project Team},
      date = {2019-11-10},
}
@manual{array,
      title = {A new implementation of LaTeX's tabular and array environment},
      author = {Frank Mittelbach and David Carlisle},
      version = {2.4l},
      organization = {LaTeX Project Team},
      date = {2020-02-02},
}
@manual{encodings,
      title = {LaTeX font encodings},
      author = {Frank Mittelbach and Robin Fairbairns and Werner Lemberg},
      organization = {LaTeX3 Project Team},
      date = {2016-02-18},
}
@manual{amsmathm,
      title = {The amsmath package},
      author = {Frank Mittelbach and Rainer Schöpf and Michael Downes and David M. Jones and David Carlisle},
      version = {2.17e},
      organization = {LaTeX Project Team},
      date = {2020-01-20},
}
@book{companion,
      title = {The LaTeX Companion},
      author = {Frank Mittelbach and Michel Goossens},
      edition = {2},
      year = {2005},
      publisher = {Addison-Wesley},
}
@manual{equations,
      title = {How to Typeset Equations in LaTeX},
      author = {Stefan M. Moser},
      version = {4.6},
      date = {2017-09-29},
}
@manual{pagecolor,
      title = {The pagecolor package},
      author = {Hans-Martin Münch},
      version = {1.0i},
      organization = {Universität Bonn},
      date = {2017-05-29},
}
@manual{arydshln,
      title = {The arydshln package},
      author = {Hiroshi Nakashima},
      version = {1.76},
      organization = {Kyoto University},
      date = {2019-02-21},
}
@manual{esopic,
      title = {The eso-pic package},
      author = {Rolf Niepraschk},
      version = {2.0h},
      organization = {CTAN},
      date = {2018-04-12},
}
@manual{listingsutf8,
      title = {The listingsutf8 package},
      author = {Heiko Oberdiek},
      version = {1.5},
      organization = {CTAN},
      date = {2019-12-10},
}
@misc{short,
      title = {The Not So Short Introduction to LaTeX2e},
      author = {Tobias Oetiker and Hubert Partl and Irene Hyna and Elisabeth Schlegl},
      version = {6.3},
      date = {2018-03-26},
}
@manual{multirow,
      title = {The multirow, bigstrut and bigdelim packages},
      author = {Piet van Oostrum and Øystein Bache and Jerry Leichter},
      version = {2.5},
      organization = {CTAN},
      date = {2019-05-31},
}
@manual{fancyhdr,
        title = {The fancyhdr and extramarks packages},
        author = {Piet van Oostrum},
        version = {3.10},
        publisher = {Dept. of Computer Science},
        organization = {Utrecht University},
        date = {2019-01-31},
}
@misc{symbollist,
      title = {The Comprehensive LaTeX Symbol List},
      author = {Scott Pakin},
      organization = {CTAN},
      date = {2020-06-25},
}
@misc{introducao,
      title = {Introdução ao LaTeX2e},
      author = {Démerson André Polli},
      version = {3.20},
      organization = {CTAN},
      date = {2001-08-09},
}
@manual{hyperref,
      title = {Hypertext marks in LaTeX: a manual for hyperref},
      author = {Sebastian Rahtz and Heiko Oberdiek},
      version = {7.00e},
      organization = {The LaTeX3 Project},
      date = {2020-05-15},
}
@manual{section,
      title = {Section name references in LaTeX},
      author = {Sebastian Rahtz and Heiko Oberdiek},
      version = {2.46},
      organization = {The LaTeX3 Project},
      date = {2019-09-16},
}
@manual{unicode,
      title = {Experimental Unicode mathematical typesetting: The unicode-math package},
      author = {Will Robertson and Philipp Stephani and Joseph Wright and Khaled Hosny and others},
      version = {0.8q},
      organization = {CTAN},
      date = {2020-01-31},
}
@manual{unicodemath,
      title = {Symbols defined by unicode-math},
      author = {Will Robertson},
      version = {0.8q},
      organization = {CTAN},
      date = {2020-01-31},
}
@manual{fontspec,
      title = {The fontspec package, Font selection for XeLaTeX and LuaLaTeX},
      author = {Will Robertson and Khaled Hosny and Philipp Gesang and Joseph Wright and others},
      version = {2.7i},
      organization = {CTAN},
      date = {2020-02-21},
}
@manual{vwcol,
      title = {The vwcol package},
      author = {Will Robertson},
      version = {0.2},
      organization = {CTAN},
      date = {2015-02-10},
}
@manual{parcolumns,
      title = {The parcolumns package},
      author = {Jonathan Sauer},
      version = {1.2},
      organization = {CTAN},
      date = {2004-11-25},
}
@manual{paralist,
      title = {paralist Extended List Environments},
      author = {Bernd Schandl},
      version = {2.7},
      organization = {CTAN},
      date = {2017-01-22},
}
@manual{microtype,
      title = {The microtype package},
      subtitle = {Subliminal refinements towards typographical perfection},
      author = {Robert Schlicht},
      version = {2.7d},
      organization = {CTAN},
      date = {2019-11-18},
}
@manual{postscript,
      title = {Using common PostScript fonts with LaTeX},
      author = {Walter Schmidt},
      version = {9.3},
      organization = {CTAN},
      date = {2020-03-25},
}
@manual{verbatim,
      title = {A New Implementation of LaTeX's verbatim and verbatim* Environments},
      author = {Rainer Schöpf and Bernd Raichle and Chris Rowley},
      organization = {LaTeX Project Team},
      date = {2001-03-12},
}
@manual{ragged2e,
      title = {The ragged2e-package},
      author = {Martin Schröder},
      version = {2.2},
      organization = {CTAN},
      date = {2019-07-28},
}
@misc{pequenaintroducao,
      title = {Uma não tão pequena introdução ao LaTeX2e},
      author = {Alberto Simões},
      version = {5.01.0},
      organization = {CTAN},
      date = {2011-05-20},
}
@manual{genealogytree,
      title = {The genealogytree package},
      author = {Thomas F. Sturm},
      version = {2.00},
      organization = {CTAN},
      date = {2020-07-19},
}
@manual{datetime2,
      title = {datetime2: date and time formats},
      author = {Nicola L. C. Talbot},
      version = {1.5.6},
      organization = {Dickimaw Books},
      date = {2020-03-02},
}
@online{administrativework,
      title = {LaTeX for Administrative Work},
      author = {Nicola L. C. Talbot},
      version = {1.1},
      organization = {Dickimaw Books},
      date = {2015-09-30},
}
@online{completenovices,
      title = {LaTeX for Complete Novices},
      author = {Nicola L. C. Talbot},
      version = {1.4},
      organization = {Dickimaw Books},
      date = {2012-09-25},
}
@manual{datetime2pt,
      title = {Portuguese Module for datetime2 Package},
      author = {Nicola L. C. Talbot},
      version = {1.1},
      organization = {Dickimaw Books},
      date = {2018-08-21},
}
@online{phdthesis,
      title = {Using LaTeX to Write a PhD Thesis},
      author = {Nicola L. C. Talbot},
      version = {1.3},
      organization = {Dickimaw Books},
      date = {2013-03-16},
}
@manual{tikzpgf,
        title = {The TikZ and PGF Packages},
        author = {Till Tantau},
        version = {3.1.5b},
        publisher = {Institut für Theoretische Informatik},
        organization = {Universität zu Lübeck},
        date = {2020-06-27},
}
@manual{beamer,
      title = {The beamer class, User Guide},
      author = {Till Tantau and Joseph Wright and Vedran Miletić},
      version = {3.58},
      organization = {},
      date = {2020-05-06},
}
@manual{essentialguide,
      title = {An essential guide to LaTeX2e usage},
      subtitle = {Obsolete commands and packages},
      author = {Mark Trettin and Jürgen Fenn},
      version = {1.8.5.7},
      organization = {CTAN},
      date = {2007-06-17},
}
@manual{geometry,
      title = {The geometry package},
      author = {Hideo Umeki},
      version = {5.8},
      organization = {CTAN},
      date = {2018-04-16},
}
@manual{mathmode,
      title = {Math mode},
      author = {Herbert Voß},
      version = {2.47},
      organization = {TUG},
      date = {2014-01-30},
}
@book{makingwork,
      title = {Making TeX Work},
      author = {Norman Walsh},
      edition = {1},
      year = {2002},
      publisher = {O'Reilly}
}
@manual{verse,
      title = {Typesetting simple verse with LaTeX},
      author = {Peter Wilson and Will Robertson},
      version = {2.4b},
      organization = {Herries Press},
      date = {2014-05-10},
}
@manual{memoir,
      title = {The Memoir Class for Configurable Typesetting User Guide},
      author = {Peter Wilson and Lars Madsen},
      version = {3.7l},
      organization = {The Herries Press},
      date = {2020-06-02},
}
